<record><leader>00000cas a22000007a 4500</leader><controlfield tag="001">14525253</controlfield><controlfield tag="008">861027d18801907iauwr ne      0    0eng d</controlfield><datafield ind1=" " ind2=" " tag="010"><subfield code="a">sn 86060315 </subfield></datafield><datafield ind1=" " ind2=" " tag="040"><subfield code="a">INP</subfield><subfield code="b">eng</subfield><subfield code="c">INP</subfield><subfield code="d">OCLCQ</subfield></datafield><datafield ind1=" " ind2=" " tag="042"><subfield code="a">msc</subfield></datafield><datafield ind1="0" ind2="4" tag="245"><subfield code="a">The Cass County Democrat.</subfield></datafield><datafield ind1="1" ind2="3" tag="246"><subfield code="a">Weekly Democrat</subfield><subfield code="f">May 16, 1907</subfield></datafield><datafield ind1=" " ind2=" " tag="260"><subfield code="a">Atlantic, Iowa :</subfield><subfield code="b">A. Gardner &amp; Sons,</subfield><subfield code="c">-1907.</subfield></datafield><datafield ind1=" " ind2=" " tag="300"><subfield code="a">v. :</subfield><subfield code="b">ill.</subfield></datafield><datafield ind1=" " ind2=" " tag="310"><subfield code="a">Weekly</subfield></datafield><datafield ind1="1" ind2=" " tag="362"><subfield code="a">Began Aug. 11, 1880.</subfield><subfield code="z">Cf. Bibl. of Iowa newspapers.</subfield></datafield><datafield ind1="0" ind2=" " tag="362"><subfield code="a">-v. 27, no. 44 (May 16, 1907).</subfield></datafield><datafield ind1=" " ind2=" " tag="500"><subfield code="a">Publisher varies.</subfield></datafield><datafield ind1=" " ind2=" " tag="500"><subfield code="a">Official newspaper of Cass County.</subfield></datafield><datafield ind1=" " ind2=" " tag="588"><subfield code="a">Description based on: Vol. 25, no. 28 (Jan. 1, 1903).</subfield></datafield><datafield ind1=" " ind2=" " tag="752"><subfield code="a">United States</subfield><subfield code="b">Iowa</subfield><subfield code="c">Cass</subfield><subfield code="d">Atlantic.</subfield></datafield><datafield ind1="0" ind2=" " tag="775"><subfield code="t">Daily Democrat (Atlantic, Iowa)</subfield><subfield code="w">(DLC)sn 85049632</subfield><subfield code="g">Apr. 1903-1907</subfield></datafield><datafield ind1="0" ind2="0" tag="780"><subfield code="t">Anita times (Anita, Iowa : 1877)</subfield><subfield code="w">(DLC)sn 87057422</subfield></datafield><datafield ind1="0" ind2="0" tag="785"><subfield code="t">Weekly Democrat (Atlantic, Iowa)</subfield><subfield code="w">(DLC)sn 87057390</subfield></datafield></record>